@Book{Zarraga2017,
  title={Curso no convencional de LaTeX},
  author={Zarraga, Ondiz},
  year={2017},
}